1727 2999
563 75 1385 133 DEDICATIO.·

294 202 500 258 Graecis
541 198 697 254 literis
720 237 738 265 ,
803 198 939 252 malo
980 198 1087 251 illas
1121 199 1329 268 publico
1366 211 1636 271 tantopere

294 273 603 337 contemni,
667 289 753 325 cur
792 272 873 326 vel
914 267 1018 324 fine
1059 273 1262 326 censura
1299 277 1480 329 iterare
1515 277 1635 328 mihi

294 349 372 404 fas
410 366 515 402 non
553 344 640 399 lit?
681 345 763 399 Est
801 347 882 399 illa
925 341 1193 411 profetia,
1229 364 1380 415 quam
1424 363 1629 402 tantum

296 441 443 484 non,
482 432 737 490 quotquot
778 434 904 473 eunt
941 416 1082 480 dies,
1120 420 1374 482 juventuti
1415 421 1635 482 vestrae,

293 496 359 552 ad
396 508 594 548 caetera
630 495 747 547 sane
780 490 910 545 haud
944 493 1193 562 ignavae,
1231 509 1377 547 cano.
1453 492 1552 548 Sed
1579 513 1635 548 u-

295 573 459 626 tinam
500 585 565 620 ne
615 565 723 620 fata
769 580 965 636 paterer
1013 563 1360 634 Cassandrae,
1420 567 1476 621 δε
1519 585 1636 621 vera

295 642 532 700 monenti
576 641 713 693 nulla
751 639 1022 694 haberetur
1062 637 1205 695 fides,
1291 641 1484 709 Spretis
1523 642 1635 694 lim-

293 717 426 790 pidis
471 714 728 777 fontibUS,
766 711 984 768 turbidis
1022 712 1069 766 se
1101 712 1424 785 ingurgitant
1465 715 1634 772 lamis:

295 789 502 846 credere
527 825 545 853 ‚
613 785 706 841 nisi
741 783 1023 841 admodum
1073 787 1223 856 pauci
1250 823 1268 851 ‚
1328 804 1479 857 quam
1514 789 1637 842 icire

293 866 536 929 malunt,
610 861 709 916 hoc
759 860 829 914 est
857 899 874 926 ,
945 860 1138 928 semper
1209 877 1414 914 manere
1474 863 1633 928 pueri.

292 938 444 994 Pueri
492 935 668 991 enim,
733 935 913 1005 quibus
971 930 1208 988 nondum
1268 951 1355 1004 per
1410 948 1631 989 aetatem

293 1013 471 1068 datum
511 1009 578 1063 est
618 1025 784 1062 rerum
824 1007 1069 1078 indagare
1109 1008 1274 1062 causas
1302 1044 1321 1071 ‚
1390 1005 1423 1060 si
1460 1007 1523 1061 ad
1563 1007 1636 1062 di-

294 1090 416 1142 vina
449 1085 561 1138 illos
601 1082 766 1147 forte,
805 1084 886 1136 vel
921 1098 1046 1151 quae
1079 1077 1144 1134 ad
1189 1082 1332 1152 Reip.
1373 1083 1635 1150 pertinent

293 1161 560 1232 regimen,
599 1173 787 1222 voce3‚
823 1153 1102 1227 quamlibet
1138 1154 1258 1208 scire
1284 1153 1471 1226 aliquid
1499 1154 1636 1209 vide-

293 1249 478 1295 antur,
514 1247 689 1285 revera
730 1244 907 1284 tamen
938 1227 1065 1283 ni‘hil
1103 1228 1295 1298 seiunt3
1333 1229 1509 1283 omnia
1534 1247 1636 1283 cre·

292 1310 425 1363 dunt
476 1305 621 1358 alteri
676 1304 914 1358 narranti.
1032 1301 1267 1356 Notitiae
1313 1303 1633 1372 antiquitatis

291 1399 475 1438 eorum
514 1378 692 1434 eadem
730 1378 860 1433 ratio
893 1376 978 1431 est.
1056 1376 1230 1430 Multa
1269 1377 1363 1430 tibi
1396 1393 1461 1429 ex
1502 1378 1636 1431 Ari·

290 1455 459 1512 liotele
487 1489 505 1517 ‚
571 1454 730 1506 multa
762 1469 826 1507 ex
860 1452 1071 1506 Platone
1094 1488 1110 1514 ,
1173 1451 1254 1503 vel
1299 1452 1405 1504 aliis
1442 1452 1635 1521 primae

290 1529 450 1585 clallis
481 1527 768 1582 auetoribus
793 1564 811 1590 ,
861 1526 983 1580 licet
1019 1524 1143 1579 nibil
1178 1525 1347 1578 minus
1386 1542 1538 1594 quam
1576 1526 1634 1577 il-

288 1609 459 1663 lorum
483 1604 709 1673 linguam
735 1600 1052 1669 intelligant,
1089 1597 1378 1670 proferent:
1419 1612 1470 1651 at
1495 1601 1632 1652 enim

289 1678 382 1734 nifi
419 1678 669 1747 interpres
699 1676 793 1730 illis
818 1671 1110 1738 indicasset,
1149 1673 1327 1726 omnia
1361 1671 1450 1725 ista
1484 1673 1633 1744 igno·

289 1764 479 1809 rarent.
555 1748 699 1817 Quid
736 1749 805 1804 est
843 1765 1065 1819 pappare
1100 1747 1353 1800 minutum
1378 1783 1394 1809 ‚
1461 1744 1494 1799 ss
1534 1750 1632 1801 boc

290 1845 400 1882 non
436 1824 546 1879 est?
610 1826 806 1877 Verum
850 1835 907 1875 ut
951 1819 1176 1875 infantes
1220 1822 1476 1874 nutricum
1526 1838 1631 1873 rna·

290 1905 402 1973 gis,
443 1900 474 1954 ὲ
514 1897 694 1970 quibus
735 1897 833 1952 cibi
873 1896 968 1949 illis
1010 1894 1425 1967 praegustantur,
1463 1895 1629 1957 filiva3

291 1993 441 2048 quam
486 1973 664 2027 salubri
700 1973 1064 2025 alimentorum
1109 1969 1408 2022 nutriuntur
1442 1969 1586 2022 succo
1619 1991 1629 2025 :

289 2050 362 2104 ita
395 2046 518 2101 nihil
551 2043 688 2100 aliud
727 2063 879 2116 quam
921 2042 1084 2098 faeces
1117 2047 1410 2114 plerumque
1447 2042 1500 2096 δι
1528 2044 1629 2096 sor-

289 2123 379 2177 des
414 2133 636 2184 vorant,
677 2121 763 2190 qui
806 2117 1172 2189 interpretibus
1203 2118 1336 2170 suam
1390 2114 1626 2170 addixere

289 2194 652 2250 credulitatem.
763 2193 847 2247 Ne
882 2192 1111 2245 Veneres
1150 2193 1257 2264 jam
1313 2189 1626 2245 Graecorum

284 2270 585 2340 scriptorum
617 2267 1038 2339 elegantiasque‚
1094 2264 1148 2319 &
1190 2263 1425 2334 quicquid
1466 2280 1627 2320 caete*

286 2361 370 2399 rae
394 2343 598 2414 linguae
623 2343 873 2398 mirantur
903 2352 1136 2402 tantum,
1175 2355 1479 2407 memorem3
1517 2356 1627 2420 non

1496 2426 1626 2471 tanti
