1727 2999
349 76 1189 139 DEDICATIO:

101 231 198 274 me
228 205 508 272 beneficia
549 228 668 270 non
709 224 932 271 tantum
967 206 1283 274 devenerer
1321 230 1444 275 ma„

96 308 285 381 xima,
334 303 424 368 sed
451 304 512 369 &
545 304 728 392 palam
762 305 1113 389 praedicare,
1171 306 1466 396 &poste-.

97 407 170 469 ris
207 404 402 469 testata
433 402 620 469 facere
649 402 862 467 dudum
892 403 1202 490 gestierim.

190 505 478 568 Animum
512 505 700 590 itaque
730 500 984 587 spefietis
1006 552 1023 579 ,
1067 528 1183 568 non
1207 528 1439 587 munUS,

96 604 252 694 quod
280 605 512 693 quidem
547 602 927 688 perexiguum
956 601 1068 678 est,
1127 604 1220 680 &,
1263 630 1438 693 quam

96 701 414 777 sustinetiS,
474 698 709 790 persona
757 702 946 764 minus
991 701 1265 791 dignum:
1329 707 1442 771 tale

93 823 321 878 tamen,
369 823 488 889 quo
522 801 736 875 Vobis,
787 802 990 888 quibus
1019 805 1187 866 unice
1221 804 1438 870 institu-

93 904 133 964 ti
181 902 294 964 mei
339 903 480 963 ratio
525 899 804 963 reddenda
859 899 975 976 est,
1037 924 1167 978 me,
1216 905 1438 972 etiamsi

91 999 328 1084 publicis
380 1000 725 1084 privatisque
772 999 1021 1085 negotiis
1081 1003 1438 1087 occupatissi-

90 1121 289 1174 mum,
342 1095 522 1161 Mufis
563 1097 720 1160 litare
760 1119 879 1160 non
918 1095 1183 1163 desistere
1222 1100 1332 1189 ipsa
1371 1129 1435 1170 re

88 1196 366 1284 praestem
397 1245 416 1273 ,
502 1214 676 1284 atque
730 1195 875 1259 adeo
935 1219 1172 1285 operam
1238 1225 1434 1270 meam

84 1297 348 1385 probem.
745 1315 775 1327 ’-

177 1398 376 1481 Quam
419 1420 540 1461 rem
564 1394 602 1460 fi
634 1360 986 1484 probavero
1036 1400 1110 1464 set
1146 1425 1430 1493 magnum

84 1521 182 1562 me
219 1494 429 1585 cepifle
477 1495 725 1560 frntftum
762 1497 1140 1578 existimabO,
1188 1505 1429 1571 nullam-

81 1621 195 1685 que
226 1599 280 1661 in
319 1621 414 1660 me
440 1618 677 1682 operam
716 1596 896 1661 clandi
932 1601 1137 1685 patiar,
1178 1626 1287 1691 qua
1309 1607 1427 1671 Ve-

79 1698 222 1762 strae
248 1699 320 1764 de
347 1722 444 1764 me
477 1699 736 1786 opinioni
772 1700 830 1762 in
867 1699 1163 1787 posterum
1191 1704 1423 1795 respon-

76 1797 262 1866 deam.

172 1899 299 1962 Vos
336 1898 563 1962 interim
598 1898 892 1964 PATRES
936 1897 1422 1973 ILLUSTRISSI—

75 2017 209 2080 Mt,
252 1998 347 2085 qui
367 2018 519 2061 tanta
555 2022 690 2063 cum
727 1999 919 2076 laude,
949 2021 1009 2064 ut
1040 2004 1420 2088 praesentibus

75 2099 143 2166 fit
212 2100 605 2178 admirationi,
673 2102 984 2189 posteritati
1031 2128 1173 2172 vero
1220 2133 1421 2176 exem—

75 2198 207 2284 pio,
250 2198 465 2286 Remp.
494 2201 690 2286 geritis
710 2250 726 2278 ,
754 2200 1111 2268 Libertatem
1144 2210 1418 2291 tuemini,

71 2298 462 2372 Mercaturam
483 2300 655 2390 Reip.
702 2325 914 2368 nervos
945 2302 1190 2387 fovetIS,
1239 2307 1416 2373 Libe-

795 2398 826 2438 *
872 2417 910 2483 5
1279 2407 1420 2478 rales
