1727 2999
327 108 1192 171 PRAEFATIO

84 238 432 301 Munckerus,
482 235 550 307 fic
592 237 643 291 in
677 237 738 291 iis
785 238 1014 309 turpiter
1036 234 1101 309 fi’
1138 235 1272 293 dedit
1309 236 1430 292 Ber-

89 315 261 370 kelius.

157 380 273 455 Etsi
306 384 434 437 enim
468 398 733 438 communes
767 385 947 450 amici,
981 403 1101 458 quos
1148 388 1288 442 inter
1323 386 1430 456 pri-22

83 476 214 513 mum
245 457 400 511 locum
421 456 621 511 tenebat
642 457 712 509 N.
738 455 1001 520 Heinfius,
1039 459 1167 514 nihil
1185 478 1220 514 a
1247 459 1433 512 Mune·

83 537 208 586 kero
261 528 552 601 commiffitm
598 531 741 594 rati,
777 529 906 602 quod
938 546 1031 586 non
1078 536 1250 605 cuique
1287 533 1432 597 licet,

81 604 157 672 &³
181 601 282 677 ipse
320 602 575 657 Berkelius
600 605 655 656 in
695 602 1009 674 Fragmento
1040 606 1394 674 Stephaniano
1413 643 1434 670 ,

83 696 177 733 non
213 681 294 732 ita
327 676 520 749 pridem
561 693 596 728 a
624 677 892 732 Tennulio
922 678 1076 745 edit0‚
1103 679 1348 749 fecerat,
1384 697 1434 734 e-

75 754 163 825 jus
210 755 440 825 impetum
471 748 828 821 sufflaminare
876 753 1242 808 adnitebantur
1265 791 1282 819 ,
1318 754 1434 808 dum

69 827 256 898 famae
277 825 404 893 fitae
429 825 703 896 consultum
738 825 923 891 vellet,
962 829 1008 882 ei
1041 827 1294 901 exsequias
1315 829 1433 884 ivit.

81 902 222 955 Nam
241 900 473 971 sequenti
510 915 639 952 anno
662 896 795 971 suae
831 898 1064 966 editioni,
1112 912 1336 967 nmtatO,
1372 913 1434 958 ut

81 990 214 1030 nova
240 973 534 1034 videretur,
569 974 747 1038 titulo,
778 973 956 1045 plures
979 974 1246 1048 submissas
1283 976 1435 1031 adno-

78 1048 296 1103 tationes
333 1045 554 1117 adjecit,
591 1047 765 1119 quibus
800 1063 894 1102 non
931 1058 1039 1104 tam
1081 1049 1332 1106 auliorem
1369 1050 1436 1105 il-

81 1121 353 1192 lustraret,
378 1136 529 1192 quam
555 1121 827 1176 vellicaret
852 1122 1234 1197 Adversarium
1251 1163 1267 1190 ,
1290 1142 1433 1198 quenz

76 1195 353 1268 peracerbe
393 1197 774 1267 procaciterque
820 1200 1010 1252 omnino
1048 1203 1272 1271 excepit,
1320 1200 1433 1271 pla.

75 1272 182 1341 gii,
225 1268 484 1339 inscitiae,
534 1269 607 1335 ἐξ
652 1270 990 1342 plurimorum
1029 1291 1268 1327 errorum
1319 1274 1432 1344 insi·

80 1343 301 1398 mulavit
320 1380 337 1407 ,
378 1359 496 1414 quos
531 1354 698 1398 tamen
731 1343 831 1415 ipse
869 1348 1209 1402 committebat
1247 1347 1433 1420 puden-

78 1419 161 1472 dos
197 1417 270 1484 ἐξ
311 1420 362 1471 in
397 1417 657 1488 tyronibus
690 1421 787 1473 vix
805 1420 1061 1489 ferendos.
1114 1422 1212 1477 Sed
1237 1425 1320 1478 hos
1333 1423 1435 1494 fa-

78 1493 171 1546 cile
210 1492 564 1555 condonamus,
602 1494 690 1566 qui
724 1496 980 1561 novimus,
1016 1514 1117 1569 qua
1151 1498 1296 1561 simus
1323 1514 1433 1551 con-

78 1568 262 1620 ditione
293 1568 435 1627 nati,
475 1564 611 1620 modo
643 1567 772 1636 abstt
793 1569 962 1624 aliena
993 1572 1230 1643 carpendi
1258 1576 1433 1644 pruri-

71 1658 137 1711 go
156 1681 173 1706 ,
209 1639 281 1707 ἐξ
305 1639 638 1695 humanitatis
656 1681 672 1708 ,
696 1660 846 1715 quam
869 1644 1172 1714 profitemur
1188 1657 1431 1711 ,contem-

78 1729 159 1768 tus
179 1752 194 1776 ,
219 1717 305 1786 qui
322 1725 492 1769 tamen
519 1715 804 1770 Berkelmm
835 1718 1070 1790 abripuit
1092 1719 1210 1775 adeo
1227 1757 1246 1785 ,
1277 1732 1334 1775 ut
1362 1720 1435 1776 ad

77 1791 305 1842 convicia
328 1790 385 1843 de
407 1791 569 1843 tri-vio
592 1800 813 1861 arrepta
822 1790 885 1862 se
906 1793 1190 1864 demiserit,
1228 1794 1301 1860 {35⁹
1316 1795 1431 1850 Ad-

77 1863 310 1932 veijario
336 1866 666 1935 quantumvis
677 1864 738 1937 se
761 1864 970 1922 doHiori
987 1868 1360 1935 &humaniori
1373 1872 1429 1925 in

79 1937 398 2007 opprobrium
432 1939 698 2008 objecerit,
735 1957 861 2012 quae
902 1944 947 1995 ei
978 1960 1063 1997 nec
1089 1946 1215 1998 vitio
1249 1956 1430 2012 erant,

77 2029 165 2064 nee
202 2016 347 2065 verti
376 2023 645 2083 poterant,
680 2032 788 2068 cum
813 2019 976 2087 potius
1003 2019 1104 2072 Hic
1124 2036 1232 2072 cum
1244 2019 1429 2090 fortu-

79 2102 149 2139 na
187 2089 332 2156 queri
363 2085 629 2157 potuiffet,
667 2088 833 2159 quod,
872 2092 960 2163 qui
1000 2094 1190 2164 majore
1221 2095 1431 2149 theatro

75 2158 253 2227 dignus
277 2197 295 2225 ,
355 2161 425 2213 ad
453 2159 805 2232 scholasticum
852 2165 1114 2234 pulverem
1159 2168 1429 2224 damnatus

76 2231 208 2303 efflet.
286 2232 420 2288 Hinc
461 2236 684 2306 puerilia
717 2237 792 2304 &⁹
833 2240 1041 2295 liberali
1077 2242 1266 2297 homine
1299 2244 1429 2297 indi-

70 2324 219 2377 gna,
263 2308 438 2380 quibus
489 2310 719 2378 Delphos
760 2310 825 2366 ad
864 2315 1172 2371 Corbulonis
1216 2319 1433 2386 fossam,

79 2381 164 2435 ubi
190 2381 463 2442 Munckeri
483 2383 881 2442 Observationes
917 2391 970 2444 in
1004 2389 1293 2451 scholastico
1315 2396 1428 2464 pul-

1312 2466 1442 2525 vero
