1727 2999
356 46 1183 108 DEDICATIO..

93 175 228 230 tanti
264 172 413 228 nobis
446 172 543 227 effe
573 172 820 230 deberent
855 173 1183 246 Aristoteles,
1235 171 1432 246 Thucya

91 249 256 317 didos,
294 247 595 320 Xenophon?
636 250 764 303 Non
789 248 1081 318 Sapientia,
1116 248 1430 310 Pietas‚Re-

90 325 241 394 ligio,
279 321 369 392 ipfi
408 323 547 392 prisci
578 321 819 377 Ecclesiae
856 321 1144 387 Doctoreffi
1182 340 1308 395 quos
1336 321 1428 376 Pa.

89 409 193 449 tres
226 397 483 469 'appellare
515 399 759 459 solemUS,
799 396 961 459 tanti,
1001 409 1060 449 ut
1095 397 1294 452 illorum
1334 396 1425 451 ad-

83 467 265 524 discere
307 471 534 541 linguam
580 485 765 540 operae
816 466 1114 523 duceremus
1157 474 1423 541 pretium?

85 543 269 613 Longe
304 560 439 598 certe
486 544 626 597 aliter
661 542 873 595 animati
909 540 1057 596 fimus
1101 544 1294 598 necesse
1325 545 1424 612 est,

83 635 142 671 ac
178 619 456 672 Graeculus
500 618 584 669 ille
621 614 935 679 Timotheus,
984 633 1134 688 quem
1173 617 1235 670 de
1270 620 1319 671 vi
1364 639 1423 673 u-

84 692 201 746 nius
237 692 450 764 syllabae
486 690 668 745 barbae
708 691 951 761 pastione
1000 708 1116 744 cum
1165 689 1421 763 I'hilelpho

78 763 423 829 contendisse,
474 764 530 819 &
572 763 710 819 viclo
749 763 813 818 ab
850 765 1034 819 eodem
1072 764 1118 817 ei
1155 766 1374 820 abrasam
1400 811 1420 838 ‚

78 853 248 899 narrat
277 839 485 908 Jovius.
579 838 779 910 Lingua
829 840 976 892 nobis
1015 839 1198 893 Latina
1244 838 1420 896 suffici.

77 929 211 975 unt,
259 916 437 986 ajunt:
508 912 572 969 ab
604 929 663 966 ea
700 912 924 966 instrusti
964 930 1049 968 cur
1082 931 1191 968 non
1227 917 1414 973 artium

72 988 311 1041 omnium
348 986 403 1041 &
446 986 819 1056 disciplinarum
866 987 1124 1040 scientiam
1161 989 1416 1057 acquirere

72 1060 325 1132 possemus
349 1098 366 1126 ‚
416 1063 609 1117 causam
652 1062 842 1114 nullam
881 1059 1036 1115 dices,
1114 1062 1290 1116 insane
1325 1065 1411 1120 be-

71 1151 175 1203 ne;
237 1134 273 1190 fi
315 1137 544 1208 linguam
582 1135 817 1188 Latinam
869 1134 1153 1189 tenueritis,
1247 1139 1324 1191 At
1357 1140 1413 1192 il-

67 1210 214 1276 lam,
277 1225 391 1263 cum
449 1208 826 1282 propemodum
873 1220 984 1262 tota
1029 1226 1094 1265 ex
1149 1211 1409 1267 vocabulis

67 1284 262 1338 constet
296 1281 624 1339 Graecanicis
665 1283 927 1355 (intelligo
960 1281 1079 1353 quid
1112 1284 1314 1356 loquar)
1341 1305 1408 1344 ne

66 1359 236 1429 legere
284 1357 488 1427 quidem
525 1357 660 1411 redte
685 1395 702 1419 ‚
765 1358 844 1410 vel
888 1359 1228 1428 pronunciare
1263 1379 1405 1416 com-

63 1431 215 1486 mode
249 1432 502 1486 literarum
529 1432 836 1486 Graecarum
878 1429 1111 1501 expertes
1140 1436 1408 1504 poterim,

60 1519 265 1560 tanturn
301 1506 465 1571 abest,
504 1520 560 1560 ut
597 1505 696 1560 fitis
719 1506 1035 1561 intellecturi.
1113 1506 1406 1567 Fortassean

59 1578 113 1633 id
147 1578 279 1634 haud
314 1597 487 1635 curare
523 1578 699 1635 dicetis
724 1579 1076 1651 Hippoclidem.
1160 1583 1289 1638 Non
1321 1585 1403 1639 in-

58 1654 212 1708 video
249 1653 393 1709 vobis
420 1667 527 1709 tam
564 1654 720 1710 fortia
755 1653 991 1725 pestora„
1029 1655 1084 1710 &
1125 1655 1402 1715 Gramma.

58 1729 216 1781 ticum
256 1746 338 1782 me
372 1727 469 1783 effe
503 1732 637 1783 malo
673 1746 827 1804 quam
863 1729 1080 1784 Midam.
1159 1732 1300 1799 Qiid
1341 1754 1399 1792 e..

57 1803 166 1856 nim
210 1800 392 1857 faciam
424 1803 639 1867 talibus,
676 1803 895 1858 Domini
933 1805 1063 1869 mei,
1102 1806 1193 1862 nisi
1236 1822 1293 1863 ut
1310 1814 1403 1885 jud

55 1875 202 1930 beam
235 1875 331 1931 effe
378 1878 577 1932 miseros
616 1877 864 1943 libenter,
901 1878 1111 1948 quando
1146 1881 1218 1935 ita
1255 1902 1399 1941 aures

43 1949 120 2006 sad
160 1951 367 2005 salubria
405 1951 710 2007 obturarunt
755 1949 996 2006 consilia?
1050 1954 1154 2016 illis
1191 1968 1405 2015 tantum*

54 2023 824 2100 nostersudatlabor‚‹pnbus

164 2174 250 2228 De
309 2173 508 2231 meliore
566 2175 668 2232 luto
716 2174 884 2246 finxit
935 2177 1242 2250 praecordia
1308 2182 1394 2237 Ti-

242 2257 372 2316 tan,

1335 2404 1395 2464 &
