1742 2999
214 171 496 230 LAMIA,
523 168 614 231 five
648 170 979 221 SYBARIS.
1014 173 1275 224 cmvm.
1344 191 1409 240 57

85 287 206 325 trum
248 276 525 341 praegrande
555 311 574 335 ,
628 276 673 324 in
707 294 798 341 quo
840 277 936 325 fera
977 279 1168 342 degebat
1200 280 1305 330 olim
1336 281 1404 331 in·

80 375 190 420 gens
223 358 274 408 &
305 358 575 407 monstrosae
612 359 924 421 magnitudinis
965 363 1076 408 adeo
1099 398 1112 420 ‚
1164 378 1292 426 quam
1333 361 1406 408 alii

78 442 274 492 Lamiam
311 480 325 501 ‚
389 442 461 490 alii
520 441 725 504 Sybarim
787 440 1088 489 nominabant.
1189 446 1256 491 Ea
1310 444 1406 492 fera

77 523 257 587 singulis
284 524 441 571 diebus
474 523 520 572 in
550 539 681 586 agros
721 521 992 584 graffabatur
1015 561 1029 582 ‚
1086 542 1227 588 pecus
1261 526 1404 576 homi-

76 621 246 669 nesque
277 605 466 668 rapiens.
556 606 741 667 Jamque
775 604 941 667 Delphi
979 604 1035 652 de
1087 609 1306 656 mutandis
1336 610 1401 657 se-

74 687 202 735 dibus
240 688 499 750 cogitabant
529 722 541 742 ,
587 682 638 731 &
673 686 901 734 oraculum
935 688 1217 736 consulebant
1249 691 1305 738 de
1336 694 1401 742 lo-

75 784 159 829 co,
207 770 255 817 in
303 784 430 832 quem
475 766 735 829 migrarent.
813 769 933 817 Turn
963 771 1124 829 DeUS‚
1167 774 1281 820 malo
1323 790 1402 825 eos

72 853 158 901 isto
202 853 433 899 liberatum
474 848 530 895 iri
562 849 883 911 pronunciavit
909 889 922 911 ‚
968 852 1001 899 fi
1044 869 1273 903 manentes
1307 860 1399 906 vel-

69 936 163 982 lent
208 934 260 981 ad
307 944 485 978 antrum
528 947 758 994 exponere
813 949 1003 996 puerum
1052 952 1186 986 unum
1231 940 1288 986 de
1336 941 1400 989 ci-

69 1017 191 1065 vium
234 1014 349 1062 filiis.
419 1013 498 1076 ipsi
543 1015 748 1061 mandata
780 1017 1068 1078 peragebant.
1162 1022 1295 1068 Sorte
1345 1025 1398 1073 ad

67 1100 160 1146 hoc
203 1098 362 1145 duffiis
417 1095 482 1143 est
546 1097 840 1160 Alcyoneus,
897 1098 1056 1147 Diomi
1119 1102 1171 1150 &c
1229 1106 1395 1169 Mega-

66 1181 191 1228 nirae
247 1182 297 1229 F.
346 1195 478 1243 quem
512 1194 649 1226 unum
689 1191 819 1240 pater
861 1194 1081 1242 genuerat
1112 1221 1125 1242 ‚
1169 1183 1220 1233 (ἵε
1267 1189 1396 1237 vultu

70 1261 120 1310 ἅ
167 1261 320 1309 indole
368 1260 593 1323 praeditus
656 1260 863 1322 eleganti,
935 1277 1037 1310 eum
1090 1268 1268 1316 coronis
1325 1286 1393 1318 re-

66 1344 304 1402 dimitum,
341 1343 592 1391 sacerdotes
627 1343 681 1390 ad
716 1343 936 1406 Sybaridis
970 1346 1222 1408 speluncam
1254 1353 1390 1405 abdu—

60 1440 239 1476 xerunt.
308 1427 373 1474 At
401 1442 512 1475 vero
537 1425 660 1491 genii
683 1427 911 1490 cujusdam
936 1428 1391 1497 impulluEurybatus

1199 1501 1387 1563 Euphe-

60 1570 96 1609 &
127 1568 293 1606 Valcken.
320 1564 366 1603 ad
394 1564 531 1607 Herod.
558 1567 642 1605 Lib.
673 1568 702 1606 Ι.
747 1566 921 1610 servasse,
949 1571 1141 1613 Μενκνείρης
1156 1572 1215 1609 vel
1231 1577 1389 1613 Μετανεί-

55 1636 94 1673 Ρ.
124 1633 183 1661 10·
745 1633 790 1663 ρης
807 1619 866 1656 hic
878 1619 973 1664 esse,
999 1620 1098 1668 quod
1112 1623 1321 1670 Apollodoro
1334 1628 1387 1666 di-

744 1668 833 1707 serte
853 1674 1061 1715 Μεγοινείροις.
1090 1673 1152 1712 Sic
1168 1678 1209 1715 C.
1222 1678 1387 1718 ΧΧΧΙΙ.

100 1722 312 1771 Μενωνείρης]
366 1719 480 1758 Sl'C&
498 1720 592 1764 Alii,
623 1719 697 1757 vid.
743 1718 937 1770 nozvd'alpnc.
966 1722 1008 1758 C.
1041 1726 1164 1765 XXX.
1189 1725 1312 1770 ἴγημιον
1334 1734 1387 1765 Ea’-

54 1775 101 1813 ad
125 1773 238 1812 Ovid.
268 1774 415 1810 Metam.
445 1774 492 1809 V.
529 1772 578 1808 vs.
609 1776 695 1819 448·
738 1766 850 1812 ἕσθέην.
905 1773 967 1811 De
993 1775 1048 1812 his
1075 1776 1122 1814 ad
1149 1779 1382 1831 calcemope-

51 1828 88 1866 &
115 1837 208 1875 quae
225 1824 380 1863 diximus
399 1823 444 1861 ad
475 1825 518 1861 C.
547 1824 689 1861 XXllI.

51 1881 115 1917 ubi
136 1878 238 1916 Celei
252 1888 343 1914 uxor
355 1876 561 1918 Metanira,
581 1878 689 1914 etiarn

50 1933 97 1968 ab
114 1931 193 1968 aliis
208 1929 467 1967 malevocatur
484 1927 690 1975 Meganira‚

47 1982 147 2030 quod
167 1981 210 2019 ad
231 1981 392 2026 Apollod.
425 1980 469 2015 L.
496 1979 524 2014 I.
556 1990 590 2018 c.
608 1991 689 2019 111.

48 2035 172 2072 invitis
183 2035 296 2071 tribus
308 2032 592 2079 exemplaribus,
606 2043 683 2079 pro-

49 2087 113 2124 bat
132 2085 286 2135 Aegim.
337 2086 398 2122 An
426 2083 459 2119 &
487 2083 548 2119 hic
577 2076 691 2118 Μετοί-

47 2152 127 2177 mom
151 2137 191 2175 sit
206 2136 455 2178 scribendum,
482 2134 690 2171 nonhabe-o

47 2187 186 2225 dicere.
244 2186 306 2224 Est
325 2189 421 2224 enim
435 2185 572 2223 diversa
586 2197 605 2222 a
618 2187 687 2223 Ce-

46 2241 95 2281 lei
112 2250 250 2282 uxore,
279 2238 313 2276 ἅ
332 2241 366 2275 in
387 2240 458 2275 alio
481 2239 689 2283 Apollodori

43 2292 130 2329 loco
149 2292 191 2329 L.
220 2292 286 2330 ΙΙΙ.
316 2302 397 2338 cap.
425 2290 491 2326 IX.
520 2289 593 2326 fine
612 2292 687 2328 ulla

48 2343 157 2380 codd.
187 2345 380 2386 varietate,
394 2342 552 2382 occur-rit
569 2339 684 2383 Μεγά-

44 2407 125 2438 ιειρκ
145 2395 188 2428 τέ
204 2395 360 2438 Κρόκονος.
416 2394 537 2428 Miror
565 2403 684 2431 [amen

45 2444 247 2482 Berkelz‘um
285 2445 320 2482 &
362 2444 600 2481 Mzmckerum
639 2444 684 2482 de

47 2496 203 2534 dialeuo
221 2498 469 2535 Antoniniana
489 2496 593 2544 saepe
610 2505 680 2534 tarn

736 1823 799 1862 ris.

780 1923 955 1962 Ἀλκυονέα
990 1923 1175 1982 ςζψοιντὲς]
1227 1934 1314 1973 Hoc
1331 1935 1379 1975 de

733 1987 893 2020 corona,
929 1989 1042 2025 quam
1075 1984 1183 2029 capiti
1209 1987 1375 2035 inposue-

731 2038 809 2065 rant
839 2031 968 2075 pueri,
998 2032 1289 2082 intelligendum,
1319 2051 1379 2079 os-

735 2079 888 2118 tendunt
918 2081 1017 2130 seqq.
1044 2083 1091 2117 τὶι
1113 2085 1311 2133 ςέψμιοιτοι,
1343 2097 1376 2141 23*

732 2131 829 2169 αὐτὸς
855 2132 905 2166 ἐπὶ
933 2148 981 2167 ‘tm
1013 2137 1154 2176 κεφαλὴν
1181 2136 1374 2185 immistio&

732 2191 801 2220 cet.
834 2183 1039 2227 Beykelim,
1079 2187 1143 2223 ubi
1172 2190 1370 2231 Veteribus

729 2237 811 2272 neci
831 2235 965 2273 devota
987 2237 1122 2284 capita,
1138 2238 1172 2276 ἃ
1189 2243 1296 2281 etiam
1316 2247 1369 2282 vi-

727 2297 787 2325 tae
824 2286 1026 2326 discrimina
1057 2288 1230 2330 adeuntes
1263 2307 1369 2333 coro·

727 2342 802 2376 nari
824 2338 924 2376 fuiss'e
952 2340 1072 2377 solitos
1095 2342 1286 2383 ostendere
1304 2358 1365 2383 co-

726 2400 850 2432 natur,
884 2389 957 2427 duo
986 2393 1160 2429 Herodoti
1175 2396 1366 2446 loca‚qui-

726 2441 793 2477 bus
819 2441 909 2478 haec
943 2444 1134 2482 confirmet
1152 2474 1161 2489 ,
1192 2447 1361 2495 adducit,

726 2492 810 2531 Lib.
838 2493 868 2530 I.
897 2504 976 2543 cap.
999 2507 1083 2540 109.
1134 2499 1198 2535 ubi
1224 2499 1270 2537 de
1293 2501 1368 2550 Cy-

43 2550 175 2591 acriter
191 2547 475 2594 contendentes,
504 2559 579 2587 non
615 2549 679 2586 ob·
722 2555 785 2590 το,
819 2545 882 2591 qui
913 2547 1173 2589 interimendus
1201 2552 1366 2590 tradeba-

820 2596 907 2642 DS

1285 2614 1366 2653 tur,
